<collection xmlns="http://www.loc.gov/MARC21/slim"><record><leader>00927nam  2200277   450</leader><controlfield tag="001">712</controlfield><controlfield tag="003">http://montalegre.opacnet.com/OPAC/default.aspx?ContentAreaControl=ShowRegHoldings.ascx&amp;RegNo=16662</controlfield><datafield tag="010" ind1=" " ind2=" "><subfield code="a">972-41-3344-3</subfield></datafield><datafield tag="021" ind1=" " ind2=" "><subfield code="a">PT</subfield><subfield code="b">192919/03</subfield></datafield><datafield tag="100" ind1=" " ind2=" "><subfield code="a">20031028d2003    m  y0pory0103    ba</subfield></datafield><datafield tag="101" ind1="1" ind2=" "><subfield code="a">por</subfield><subfield code="c">eng</subfield></datafield><datafield tag="102" ind1=" " ind2=" "><subfield code="a">PT</subfield></datafield><datafield tag="105" ind1=" " ind2=" "><subfield code="a">a   z   001yy</subfield></datafield><datafield tag="106" ind1=" " ind2=" "><subfield code="a">r</subfield></datafield><datafield tag="200" ind1="1" ind2=" "><subfield code="a">&lt;A &gt;heresia dos cátaros</subfield><subfield code="e">&lt;uma &gt;revolução medieval</subfield><subfield code="f">Stephen O'Shea</subfield><subfield code="g">trad. José A. Lourenço</subfield><subfield code="g">rev. científica Sérgio Lira</subfield></datafield><datafield tag="205" ind1=" " ind2=" "><subfield code="a">1ª ed</subfield></datafield><datafield tag="210" ind1=" " ind2=" "><subfield code="a">Porto</subfield><subfield code="c">Asa</subfield><subfield code="d">2003</subfield></datafield><datafield tag="215" ind1=" " ind2=" "><subfield code="a">250, [6] p.</subfield><subfield code="c">il.</subfield><subfield code="d">24 cm</subfield></datafield><datafield tag="225" ind1="2" ind2=" "><subfield code="a">Documentos</subfield></datafield><datafield tag="304" ind1=" " ind2=" "><subfield code="a">Tít. orig.: The perfect heresy</subfield></datafield><datafield tag="675" ind1=" " ind2=" "><subfield code="a">261.7(44)"12"</subfield><subfield code="3">517323</subfield></datafield><datafield tag="700" ind1=" " ind2="1"><subfield code="a">O'Shea</subfield><subfield code="b">Stephen</subfield><subfield code="3">1173417</subfield></datafield><datafield tag="702" ind1=" " ind2="1"><subfield code="a">Lourenço</subfield><subfield code="b">José A.</subfield><subfield code="4">730</subfield><subfield code="3">969155</subfield></datafield><datafield tag="702" ind1=" " ind2="1"><subfield code="a">Lira</subfield><subfield code="b">Sérgio</subfield><subfield code="f">1964-</subfield><subfield code="4">675</subfield><subfield code="3">124067</subfield></datafield><datafield tag="801" ind1=" " ind2="0"><subfield code="a">PT</subfield><subfield code="b">Biblioteca Municipal de Montalegre</subfield><subfield code="g">RPC</subfield></datafield><datafield tag="856" ind1=" " ind2=" "><subfield code="u">locateMedia.asp?cod=20060530100808&amp;ext=jpg</subfield><subfield code="z">CAPA</subfield></datafield><datafield tag="909" ind1="&#9;" ind2=" "><subfield code="a">1</subfield></datafield><datafield tag="966" ind1=" " ind2=" "><subfield code="a">0016125</subfield><subfield code="l">BMM</subfield><subfield code="s">SCG 821 O'SH her</subfield></datafield></record></collection>